<record><leader>00000cas a22000007a 4500</leader><controlfield tag="001">11256414</controlfield><controlfield tag="008">841012d1873192uinuwr ne      0    0eng d</controlfield><datafield ind1=" " ind2=" " tag="010"><subfield code="a">sn 84038224 </subfield></datafield><datafield ind1=" " ind2=" " tag="040"><subfield code="a">NPX</subfield><subfield code="b">eng</subfield><subfield code="c">NPX</subfield><subfield code="d">NPI</subfield><subfield code="d">OCLCQ</subfield></datafield><datafield ind1=" " ind2=" " tag="042"><subfield code="a">msc</subfield></datafield><datafield ind1="0" ind2=" " tag="130"><subfield code="a">Union City times (Union City, Ind.)</subfield></datafield><datafield ind1="1" ind2="0" tag="245"><subfield code="a">Union City times.</subfield></datafield><datafield ind1="3" ind2="0" tag="246"><subfield code="a">Daily fair times</subfield></datafield><datafield ind1=" " ind2=" " tag="260"><subfield code="a">Union City, Ind. :</subfield><subfield code="b">John Commons,</subfield><subfield code="c">1873-</subfield></datafield><datafield ind1=" " ind2=" " tag="300"><subfield code="a">v. ;</subfield><subfield code="c">64 cm.</subfield></datafield><datafield ind1=" " ind2=" " tag="310"><subfield code="a">Weekly</subfield></datafield><datafield ind1="0" ind2=" " tag="362"><subfield code="a">Vol. 2, no. 12 (Mar. 25, 1873)-</subfield></datafield><datafield ind1="1" ind2=" " tag="362"><subfield code="a">Ceased in the late 1920's</subfield><subfield code="z">Cf. Miller, John W. Indiana newspaper bibliog.</subfield></datafield><datafield ind1=" " ind2=" " tag="500"><subfield code="a">Publishers: John Commons, 1873-1876; Commons &amp; Bidlack, 1876; John Commons, 1876-1877.</subfield></datafield><datafield ind1=" " ind2=" " tag="500"><subfield code="a">"Republican." Cf. Miller.</subfield></datafield><datafield ind1=" " ind2=" " tag="580"><subfield code="a">Includes: Daily fair times, published during the fair in Sept. 1874.</subfield></datafield><datafield ind1=" " ind2=" " tag="580"><subfield code="a">Published also in a daily edition called: 1895-1911, Union City evening times; 1911-192u, Evening times (Union City, Ind.).</subfield></datafield><datafield ind1=" " ind2=" " tag="752"><subfield code="a">United States</subfield><subfield code="b">Indiana</subfield><subfield code="c">Randolph</subfield><subfield code="d">Union City.</subfield></datafield><datafield ind1="1" ind2=" " tag="775"><subfield code="t">Union City evening times</subfield></datafield><datafield ind1="1" ind2=" " tag="775"><subfield code="t">Evening times (Union City, Ind.)</subfield><subfield code="w">(DLC)sn 86058533</subfield></datafield><datafield ind1="0" ind2="0" tag="780"><subfield code="t">Union City commercial</subfield><subfield code="w">(DLC)sn 86058532</subfield></datafield><datafield ind1="1" ind2=" " tag="029"><subfield code="a">AU@</subfield><subfield code="b">000025819659</subfield></datafield></record>